<record><leader>00000cas a22000007a 4500</leader><controlfield tag="001">2263640</controlfield><controlfield tag="008">760620d18571860nyuwr ne      0    0eng d</controlfield><datafield ind1=" " ind2=" " tag="010"><subfield code="a">sn 83030892 </subfield></datafield><datafield ind1=" " ind2=" " tag="040"><subfield code="a">PIT</subfield><subfield code="b">eng</subfield><subfield code="c">PIT</subfield><subfield code="d">NPU</subfield><subfield code="d">DLC</subfield><subfield code="d">UNP</subfield><subfield code="d">NYS</subfield><subfield code="d">NPH</subfield><subfield code="d">NYS</subfield><subfield code="d">OCL</subfield><subfield code="d">UKMGB</subfield><subfield code="d">OCLCF</subfield><subfield code="d">OCLCO</subfield></datafield><datafield ind1="7" ind2=" " tag="016"><subfield code="a">013917497</subfield><subfield code="2">Uk</subfield></datafield><datafield ind1="1" ind2=" " tag="029"><subfield code="a">AU@</subfield><subfield code="b">000025828932</subfield></datafield><datafield ind1=" " ind2=" " tag="042"><subfield code="a">msc</subfield></datafield><datafield ind1="0" ind2="4" tag="245"><subfield code="a">The Livingston sentinel.</subfield></datafield><datafield ind1=" " ind2=" " tag="260"><subfield code="a">Dansville, N.Y. :</subfield><subfield code="b">H.C. Page,</subfield><subfield code="c">1857-</subfield></datafield><datafield ind1=" " ind2=" " tag="300"><subfield code="a">v. ;</subfield><subfield code="c">57 cm.</subfield></datafield><datafield ind1="0" ind2=" " tag="362"><subfield code="a">Vol. 1, no. 1 (Oct. 27, 1857)-    = Whole no. 1-</subfield></datafield><datafield ind1="1" ind2=" " tag="362"><subfield code="a">Ceased in 1860.</subfield><subfield code="z">Cf. Gregory, Amer. newspapers.</subfield></datafield><datafield ind1=" " ind2=" " tag="500"><subfield code="a">Editor: H. C. Page, &lt;1858&gt;-</subfield></datafield><datafield ind1=" " ind2="0" tag="651"><subfield code="a">Dansville (N.Y.)</subfield><subfield code="v">Newspapers.</subfield></datafield><datafield ind1=" " ind2="7" tag="655"><subfield code="a">Newspapers.</subfield><subfield code="2">fast</subfield><subfield code="0">(OCoLC)fst01423814</subfield></datafield><datafield ind1=" " ind2="7" tag="651"><subfield code="a">New York (State)</subfield><subfield code="z">Dansville.</subfield><subfield code="2">fast</subfield><subfield code="0">(OCoLC)fst01222270</subfield></datafield><datafield ind1=" " ind2=" " tag="752"><subfield code="a">United States</subfield><subfield code="b">New York</subfield><subfield code="c">Livingston</subfield><subfield code="d">Dansville.</subfield></datafield><datafield ind1="0" ind2="0" tag="785"><subfield code="t">National sentinel</subfield><subfield code="w">(DLC)sn 83030884</subfield></datafield></record>